@@techreport{ baluja1994population,
	title={Population-based incremental learning. a method for integrating genetic search based function optimization and competitive learning},
	author={Baluja, Shumeet},
	year={1994},
	institution={Carnegie-Mellon Univ Pittsburgh Pa Dept Of Computer Science}
}